|j|☆Hoshinaaa
|j|☆steven he vgc
|t:|1776664417
|gametype|doubles
|player|p1|Hoshinaaa|rosa|1782
|player|p2|steven he vgc|101|1652
|gen|9
|tier|[Gen 9 Champions] VGC 2026 Reg M-A
|rated|
|rule|Species Clause: Limit one of each Pokémon
|rule|Item Clause: Limit 1 of each item
|clearpoke
|poke|p1|Starmie, L50|
|poke|p1|Incineroar, L50, M|
|poke|p1|Sinistcha-Masterpiece, L50|
|poke|p1|Kingambit, L50, M|
|poke|p1|Glimmora, L50, M|
|poke|p1|Corviknight, L50, M|
|poke|p2|Floette-Eternal, L50, F|
|poke|p2|Sneasler, L50, M|
|poke|p2|Incineroar, L50, F|
|poke|p2|Kingambit, L50, F|
|poke|p2|Palafin, L50, F|
|poke|p2|Rotom-Mow, L50|
|teampreview|4
|inactive|Battle timer is ON: inactive players will automatically lose when time's up. (requested by Hoshinaaa)
|j| jemymet
|j| Alice369
|
|t:|1776664444
|teamsize|p1|4
|teamsize|p2|4
|start
|switch|p1a: Glimmora|Glimmora, L50, M|100/100
|switch|p1b: Starmie|Starmie, L50|100/100
|switch|p2a: Rotom|Rotom-Mow, L50|100/100
|switch|p2b: Palafin|Palafin, L50, F|100/100
|turn|1
|c| jemymet|s
|j| Xheadhonchkrow
|
|t:|1776664465
|switch|p1b: Sinistcha|Sinistcha-Masterpiece, L50|100/100
|move|p1a: Glimmora|Spiky Shield|p1a: Glimmora
|-singleturn|p1a: Glimmora|move: Protect
|move|p2b: Palafin|Protect|p2b: Palafin
|-singleturn|p2b: Palafin|Protect
|move|p2a: Rotom|Volt Switch|p1a: Glimmora
|-activate|p1a: Glimmora|move: Protect
|
|upkeep
|turn|2
|j| M0AK
|l| M0AK
|inactive|steven he vgc has 30 seconds left.
|
|t:|1776664494
|detailschange|p2b: Palafin|Palafin-Hero, L50, F
|switch|p2b: Sneasler|Sneasler, L50, M|100/100
|move|p2a: Rotom|Volt Switch|p1a: Glimmora
|-damage|p1a: Glimmora|60/100
|
|t:|1776664496
|switch|p2a: Kingambit|Kingambit, L50, F|100/100|[from] Volt Switch
|move|p1a: Glimmora|Sludge Bomb|p2a: Kingambit
|-immune|p2a: Kingambit
|move|p1b: Sinistcha|Matcha Gotcha|p2a: Kingambit|[spread] p2b
|-miss|p1b: Sinistcha|p2a: Kingambit
|-resisted|p2b: Sneasler|1
|-damage|p2b: Sneasler|85/100
|
|upkeep
|turn|3
|j| M0AK
|inactive|Hoshinaaa has 30 seconds left.
|
|t:|1776664525
|switch|p2b: Rotom|Rotom-Mow, L50|100/100
|move|p1a: Glimmora|Earth Power|p2b: Rotom
|-immune|p2b: Rotom|[from] ability: Levitate
|move|p1b: Sinistcha|Matcha Gotcha|p2b: Rotom|[spread] p2a,p2b
|-resisted|p2a: Kingambit|1
|-resisted|p2b: Rotom|1
|-damage|p2a: Kingambit|89/100
|-damage|p2b: Rotom|85/100
|-status|p2a: Kingambit|brn
|-status|p2b: Rotom|brn
|move|p2a: Kingambit|Kowtow Cleave|p1b: Sinistcha
|-supereffective|p1b: Sinistcha|1
|-enditem|p1b: Sinistcha|Colbur Berry|[eat]
|-enditem|p1b: Sinistcha|Colbur Berry|[weaken]
|-damage|p1b: Sinistcha|79/100
|
|-damage|p2b: Rotom|79/100 brn|[from] brn
|-damage|p2a: Kingambit|83/100 brn|[from] brn
|upkeep
|turn|4
|inactive|Hoshinaaa has 30 seconds left.
|
|t:|1776664554
|move|p2b: Rotom|Electroweb|p1b: Sinistcha|[spread] p1a,p1b
|-resisted|p1b: Sinistcha|1
|-damage|p1a: Glimmora|35/100
|-damage|p1b: Sinistcha|69/100
|-unboost|p1a: Glimmora|spe|1
|-unboost|p1b: Sinistcha|spe|1
|move|p1a: Glimmora|Earth Power|p2a: Kingambit
|-supereffective|p2a: Kingambit|1
|-damage|p2a: Kingambit|11/100 brn
|move|p2a: Kingambit|Kowtow Cleave|p1b: Sinistcha
|-supereffective|p1b: Sinistcha|1
|-crit|p1b: Sinistcha
|-damage|p1b: Sinistcha|0 fnt
|faint|p1b: Sinistcha
|
|-damage|p2b: Rotom|74/100 brn|[from] brn
|-damage|p2a: Kingambit|5/100 brn|[from] brn
|upkeep
|
|t:|1776664570
|switch|p1b: Kingambit|Kingambit, L50, M|100/100
|turn|5
|
|t:|1776664591
|switch|p2b: Palafin|Palafin-Hero, L50, F|100/100
|-activate|p2b: Palafin|ability: Zero to Hero
|move|p2a: Kingambit|Sucker Punch|p1a: Glimmora
|-damage|p1a: Glimmora|5/100
|-activate|p1a: Glimmora|ability: Toxic Debris
|-sidestart|p2: steven he vgc|move: Toxic Spikes
|move|p1a: Glimmora|Earth Power|p2a: Kingambit
|-supereffective|p2a: Kingambit|1
|-crit|p2a: Kingambit
|-damage|p2a: Kingambit|0 fnt
|faint|p2a: Kingambit
|move|p1b: Kingambit|Iron Head|p2b: Palafin
|-resisted|p2b: Palafin|1
|-damage|p2b: Palafin|84/100
|
|-heal|p2b: Palafin|89/100|[from] item: Leftovers
|upkeep
|
|t:|1776664598
|switch|p2a: Rotom|Rotom-Mow, L50|74/100 brn
|turn|6
|
|t:|1776664621
|move|p2b: Palafin|Jet Punch|p1a: Glimmora
|-supereffective|p1a: Glimmora|1
|-damage|p1a: Glimmora|0 fnt
|-activate|p1a: Glimmora|ability: Toxic Debris
|-sidestart|p2: steven he vgc|move: Toxic Spikes
|faint|p1a: Glimmora
|move|p2a: Rotom|Will-O-Wisp|p1b: Kingambit
|-status|p1b: Kingambit|brn
|move|p1b: Kingambit|Kowtow Cleave|p2b: Palafin
|-damage|p2b: Palafin|72/100
|
|-heal|p2b: Palafin|77/100|[from] item: Leftovers
|-damage|p2a: Rotom|68/100 brn|[from] brn
|-damage|p1b: Kingambit|94/100 brn|[from] brn
|upkeep
|-message|Hoshinaaa forfeited.
|
|win|steven he vgc
|raw|Hoshinaaa's rating: 1782 &rarr; <strong>1756</strong><br />(-26 for losing)
|raw|steven he vgc's rating: 1668 &rarr; <strong>1694</strong><br />(+26 for winning)
|l|☆Hoshinaaa
|player|p1|
|l| Xheadhonchkrow
|l| Alice369
|l| M0AK
|l|☆steven he vgc
|player|p2|
