|j|☆nano jump
|j|☆nugget1221
|t:|1776914494
|gametype|doubles
|player|p1|nano jump|steven-masters|1733
|player|p2|nugget1221|265|1634
|gen|9
|tier|[Gen 9 Champions] VGC 2026 Reg M-A
|rated|
|rule|Species Clause: Limit one of each Pokémon
|rule|Item Clause: Limit 1 of each item
|clearpoke
|poke|p1|Froslass, L50, F, shiny|
|poke|p1|Sneasler, L50, M|
|poke|p1|Kingambit, L50, M|
|poke|p1|Rotom-Wash, L50|
|poke|p1|Aerodactyl, L50, F|
|poke|p1|Garchomp, L50, F|
|poke|p2|Garchomp, L50, M|
|poke|p2|Tyranitar, L50, F|
|poke|p2|Rotom-Wash, L50|
|poke|p2|Aerodactyl, L50, M|
|poke|p2|Aegislash, L50, M|
|poke|p2|Venusaur, L50, M|
|teampreview|4
|inactive|Battle timer is ON: inactive players will automatically lose when time's up. (requested by nugget1221)
|inactive|nano jump has 60 seconds left.
|j| Ogirwun
|
|t:|1776914543
|teamsize|p1|4
|teamsize|p2|4
|start
|switch|p1a: Garchomp|Garchomp, L50, F|100/100
|switch|p1b: Rotom|Rotom-Wash, L50|100/100
|switch|p2a: Aerodactyl|Aerodactyl, L50, M|100/100
|switch|p2b: Garchomp|Garchomp, L50, M|100/100
|-ability|p2a: Aerodactyl|Unnerve
|turn|1
|inactive|nano jump has 30 seconds left.
|j| humungulous
|inactive|nano jump has 20 seconds left.
|
|t:|1776914578
|move|p2b: Garchomp|Dragon Claw|p1a: Garchomp
|-supereffective|p1a: Garchomp|1
|-damage|p1a: Garchomp|0 fnt
|-damage|p2b: Garchomp|88/100|[from] ability: Rough Skin|[of] p1a: Garchomp
|faint|p1a: Garchomp
|move|p1b: Rotom|Electroweb|p2b: Garchomp|[spread] p2a
|-immune|p2b: Garchomp
|-supereffective|p2a: Aerodactyl|1
|-damage|p2a: Aerodactyl|43/100
|-unboost|p2a: Aerodactyl|spe|1
|move|p2a: Aerodactyl|Tailwind|p2a: Aerodactyl
|-sidestart|p2: nugget1221|move: Tailwind
|
|upkeep
|inactive|nano jump has 30 seconds left.
|inactive|nano jump has 20 seconds left.
|inactive|nano jump has 15 seconds left.
|j| huhyuhyuhyuh
|inactive|nano jump has 10 seconds left.
|inactive|nano jump has 5 seconds left.
|
|t:|1776914629
|switch|p1a: Froslass|Froslass, L50, F, shiny|100/100
|turn|2
|
|t:|1776914646
|detailschange|p1a: Froslass|Froslass-Mega, L50, F, shiny
|-mega|p1a: Froslass|Froslass|Froslassite
|-weather|Snowscape|[from] ability: Snow Warning|[of] p1a: Froslass
|move|p2b: Garchomp|Dragon Claw|p1a: Froslass
|-damage|p1a: Froslass|49/100
|move|p2a: Aerodactyl|Rock Slide|p1b: Rotom|[spread] p1a,p1b
|-supereffective|p1a: Froslass|1
|-damage|p1a: Froslass|0 fnt
|-damage|p1b: Rotom|64/100
|faint|p1a: Froslass
|move|p1b: Rotom|Electroweb|p2a: Aerodactyl|[spread] p2a
|-immune|p2b: Garchomp
|-supereffective|p2a: Aerodactyl|1
|-crit|p2a: Aerodactyl
|-damage|p2a: Aerodactyl|0 fnt
|faint|p2a: Aerodactyl
|
|-weather|Snowscape|[upkeep]
|upkeep
|
|t:|1776914658
|switch|p2a: Venusaur|Venusaur, L50, M|100/100
|switch|p1a: Sneasler|Sneasler, L50, M|100/100
|turn|3
|
|t:|1776914671
|detailschange|p2a: Venusaur|Venusaur-Mega, L50, M
|-mega|p2a: Venusaur|Venusaur|Venusaurite
|move|p2b: Garchomp|Dragon Claw|p1b: Rotom
|-damage|p1b: Rotom|7/100
|move|p1b: Rotom|Electroweb|p2b: Garchomp|[spread] 
|-immune|p2b: Garchomp
|-miss|p1b: Rotom|p2a: Venusaur
|move|p2a: Venusaur|Giga Drain|p1b: Rotom
|-supereffective|p1b: Rotom|1
|-damage|p1b: Rotom|0 fnt
|faint|p1b: Rotom
|move|p1a: Sneasler|Close Combat|p2b: Garchomp
|-damage|p2b: Garchomp|21/100
|-unboost|p1a: Sneasler|def|1
|-unboost|p1a: Sneasler|spd|1
|-damage|p1a: Sneasler|88/100|[from] ability: Rough Skin|[of] p2b: Garchomp
|-enditem|p1a: Sneasler|White Herb
|-clearnegativeboost|p1a: Sneasler|[silent]
|
|-weather|Snowscape|[upkeep]
|upkeep
|turn|4
|
|t:|1776914688
|move|p2b: Garchomp|Dragon Claw|p1a: Sneasler
|-damage|p1a: Sneasler|6/100
|move|p1a: Sneasler|Close Combat|p2b: Garchomp
|-damage|p2b: Garchomp|0 fnt
|-unboost|p1a: Sneasler|def|1
|-unboost|p1a: Sneasler|spd|1
|-damage|p1a: Sneasler|0 fnt|[from] ability: Rough Skin|[of] p2b: Garchomp
|faint|p2b: Garchomp
|faint|p1a: Sneasler
|
|win|nugget1221
|raw|nano jump's rating: 1733 &rarr; <strong>1707</strong><br />(-26 for losing)
|raw|nugget1221's rating: 1634 &rarr; <strong>1660</strong><br />(+26 for winning)
|l|☆nano jump
|player|p1|
|l|☆nugget1221
|player|p2|
